
@article{Jon19,
 url = {https://theses.liacs.nl/1714},
 author = {Jonckheere, L.S. (Luc) de},
 publisher = {Thesis Bachelor Informatica LIACS},
 title = {Efficiently Generating the Mandelbrot and Julia Sets},
 year = {2019}
},

@misc{Sil13,
 url = {https://solarianprogrammer.com/2013/02/28/mandelbrot-set-cpp-11/},
 author = {Paul Silisteanu},
 title = {The Mandelbrot set in C++11},
 year = {2013}
}


@article{Sut14,
author = {Sutherland, Scott},
year = {2014},
month = {01},
pages = {37-60},
title = {An Introduction to Julia and Fatou Sets},
volume = {92},
isbn = {978-3-319-08104-5},
journal = {Springer Proceedings in Mathematics and Statistics},
url={https://www.researchgate.net/publication/287394590_An_Introduction_to_Julia_and_Fatou_Sets}
}

@inproceedings{Lev97,
  title={When do two rational functions have the same Julia set},
  author={Genadi Levin and Feliks Przytycki},
  year={1997},
  url={https://api.semanticscholar.org/CorpusID:15478232}
}

@misc{Buz19,
      title={Measures of maximal entropy for surface diffeomorphisms}, 
      author={Jérôme Buzzi and Sylvain Crovisier and Omri Sarig},
      year={2019},
      eprint={1811.02240},
      archivePrefix={arXiv},
      primaryClass={math.DS}
}





